@misc{PyTorchDocumentation,
	title = {{PyTorch} documentation - {PyTorch} master documentation},
	url = {http://pytorch.org/docs/0.3.1/},
	urldate = {2018-03-29},
	file = {PyTorch documentation - PyTorch master documentation:files/107/0.3.html:text/html}
}

@article{NPTN18,
	title={Non-Parametric Transformation Networks},
	author={Pal, Dipan K and Savvides, Marios},
	journal={arXiv preprint arXiv:1801.04520v3},
	year={2018}
}

@article{ConvArithmetic16,
	title={A guide to convolution arithmetic for deep learning},
	author={Dumoulin, Vincent and Visin, Francesco},
	journal={arXiv preprint arXiv:1603.07285v2},
	year={2016}
}
